@Book{einbruch,
  author = 	 {Klaus Buchautor},
  title = 	 {Ein Buch},
  publisher = 	 {Ein Verlag},
  year = 	 {2015}
}


